@article{Rodrigues-Bastos2020,
author = "Rita Maria Rodrigues-Bastos and Estela Márcia Saraiva Campos and Luiz Cláudio Ribeiro and Mauro Gomes Bastos Filho and Maria Teresa Bustamante-Teixeira",
title = "{Hospitalizations for ambulatory care-sensitive conditions, Minas Gerais, Southeastern Brazil, 2000 and 2010}",
year = "2020",
month = "4",
url = "https://scielo.figshare.com/articles/Hospitalizations_for_ambulatory_care-sensitive_conditions_Minas_Gerais_Southeastern_Brazil_2000_and_2010/12210701",
doi = "10.6084/m9.figshare.12210701.v1"
}