@article{Tower2020,
author = "Craig Tower and Arlene Butz and Cassia Lewis-Land and Meng Zhu and Mandeep S. Jassal",
title = "{Exploring the barriers and incentive architecture for modifying smoke exposures among asthmatics}",
year = "2020",
month = "2",
url = "https://tandf.figshare.com/articles/Exploring_the_barriers_and_incentive_architecture_for_modifying_smoke_exposures_among_asthmatics/6955040",
doi = "10.6084/m9.figshare.6955040.v2"
}