






@article{doi:10.1080/02770903.2018.1490960,
author = {Craig Tower and Arlene Butz and Cassia Lewis-Land and Meng Zhu and Mandeep S. Jassal},
title = {Exploring the barriers and incentive architecture for modifying smoke exposures among asthmatics},
journal = {Journal of Asthma},
volume = {56},
number = {7},
pages = {693-703},
year  = {2019},
publisher = {Taylor & Francis},
doi = {10.1080/02770903.2018.1490960},
    note ={PMID: 29972339},

URL = { 
        https://doi.org/10.1080/02770903.2018.1490960
    
},
eprint = { 
        https://doi.org/10.1080/02770903.2018.1490960
    
}

}


