
@article{noauthor_stan:_nodate,
	title = {Stan: {A} {Probabilistic} {Programming} {Language} {\textbar} {Carpenter} {\textbar} {Journal} of {Statistical} {Software}},
	shorttitle = {Stan},
	url = {https://www.jstatsoft.org/article/view/v076i01},
	doi = {10.18637/jss.v076.i01},
	urldate = {2017-07-19},
	keywords = {algorithmic differentiation, Bayesian inference, probabilistic programming, Stan},
	file = {Snapshot:C\:\\Users\\steve\\AppData\\Roaming\\Mozilla\\Firefox\\Profiles\\bv0ejdf9.default-1497282387055\\zotero\\storage\\4AJ7H8CP\\v076i01.html:text/html}
}